<record>
    <leader> clm0 22 450 </leader>
    <controlfield tag="001">249628856</controlfield>
    <controlfield tag="002">38</controlfield>
    <controlfield tag="003">http://www.sudoc.fr/249628856</controlfield>
    <controlfield tag="004">20201008</controlfield>
    <controlfield tag="005">20201009031109.000</controlfield>
    <controlfield tag="006">692669902</controlfield>
    <controlfield tag="007">0499</controlfield>
    <controlfield tag="008">Oax3</controlfield>
    <datafield tag="029" ind1=" " ind2=" ">
        <subfield code="a">FR</subfield>
        <subfield code="b">2020LYO1D037</subfield>
    </datafield>
    <datafield tag="035" ind1=" " ind2=" ">
        <subfield code="a">(OCoLC)1199124184</subfield>
    </datafield>
    <datafield tag="100" ind1=" " ind2=" ">
        <subfield code="a">20201008d2020 k y0frey50 ba</subfield>
    </datafield>
    <datafield tag="101" ind1="0" ind2=" ">
        <subfield code="a">fre</subfield>
        <subfield code="d">fre</subfield>
        <subfield code="d">eng</subfield>
    </datafield>
    <datafield tag="102" ind1=" " ind2=" ">
        <subfield code="a">FR</subfield>
    </datafield>
    <datafield tag="105" ind1=" " ind2=" ">
        <subfield code="a">a va 000yy</subfield>
    </datafield>
    <datafield tag="135" ind1=" " ind2=" ">
        <subfield code="a">dr|||||||||||</subfield>
    </datafield>
    <datafield tag="181" ind1=" " ind2=" ">
        <subfield code="6">z01</subfield>
        <subfield code="c">txt</subfield>
        <subfield code="2">rdacontent</subfield>
    </datafield>
    <datafield tag="181" ind1=" " ind2="1">
        <subfield code="6">z01</subfield>
        <subfield code="a">i#</subfield>
        <subfield code="b">xxxe##</subfield>
    </datafield>
    <datafield tag="182" ind1=" " ind2=" ">
        <subfield code="6">z01</subfield>
        <subfield code="c">c</subfield>
        <subfield code="2">rdamedia</subfield>
    </datafield>
    <datafield tag="182" ind1=" " ind2="1">
        <subfield code="6">z01</subfield>
        <subfield code="a">b</subfield>
    </datafield>
    <datafield tag="183" ind1=" " ind2="1">
        <subfield code="6">z01</subfield>
        <subfield code="a">ceb</subfield>
        <subfield code="2">rdacarrier</subfield>
    </datafield>
    <datafield tag="200" ind1="1" ind2=" ">
        <subfield code="a">
Le chirurgien-dentiste dans la prise en charge pluridiciplinaire des patients avec troubles du comportement alimentaire (TCA)
        </subfield>
        <subfield code="e">outils diagnostiques, rôle et limites</subfield>
        <subfield code="f">Esther Hodgkinson</subfield>
        <subfield code="g">sous la direction de Béatrice Simon-Thivichon</subfield>
    </datafield>
    <datafield tag="214" ind1=" " ind2="2">
        <subfield code="a">Lyon</subfield>
        <subfield code="c">Bibliothèque Lyon 1</subfield>
        <subfield code="d">2020</subfield>
    </datafield>
    <datafield tag="230" ind1=" " ind2=" ">
        <subfield code="a">Données textuelles (1 fichier PDF : 4674 Ko)</subfield>
    </datafield>
    <datafield tag="304" ind1=" " ind2=" ">
        <subfield code="a">
Titre provenant de la page de titre du document numérisé
        </subfield>
    </datafield>
    <datafield tag="307" ind1=" " ind2=" ">
        <subfield code="a">L'impression du document génère 72 p.</subfield>
    </datafield>
    <datafield tag="320" ind1=" " ind2=" ">
        <subfield code="a">Bibliogr. f. 51-56</subfield>
    </datafield>
    <datafield tag="328" ind1=" " ind2="0">
        <subfield code="z">Reproduction de</subfield>
        <subfield code="b">Thèse d'exercice</subfield>
        <subfield code="c">Odontologie. Chirurgie dentaire</subfield>
        <subfield code="e">Lyon 1</subfield>
        <subfield code="d">2020</subfield>
    </datafield>
    <datafield tag="330" ind1=" " ind2=" ">
        <subfield code="a">
Les troubles du comportement alimentaire (TCA), traduisant une perturbation profonde du rapport à la nourriture, peuvent avoir des conséquences dramatiques sur la vie de nos patients. L'impact de tels comportements sur la cavité buccale est tel que les besoins de soins dentaires sont souvent nécessaires. Le chirurgien-dentiste a un rôle primordial non seulement dans la restauration du sourire, mais aussi dans le dépistage et l'orientation vers une équipe spécialisée. En effet, l'accès à la cavité buccale nous permet de redonner à ces patients un sourire optimal, dont l'effet peut-être incroyablement positif et débloquer une réintégration sociale déterminante. La beauté de notre métier réside dans l'impact majeur qu'a notre intervention dans le bien-être global de nos patients. Mais ce sourire et cette bouche, c'est aussi un accès à des indices précieux qui nous met en première ligne d'une possibilité de diagnostic et de prise en charge complète décisive pour l'évolution de tels comportements. Le caractère précoce de cette prise en charge est un des facteurs clés de son succès, encore faut-il que les professionnels de santé soient informés de la réalité de tels troubles. C'est un objectif qui guide cette thèse et qui permettrait d'éviter à ces patients plus de douleurs psychologiques et sociales, d'empêcher des dommages irréversibles sur les tissus oraux et finalement de réduire les niveaux de morbidité et de mortalité engendrés
        </subfield>
    </datafield>
    <datafield tag="330" ind1=" " ind2=" ">
        <subfield code="a">
Les troubles du comportement alimentaire (TCA), traduisant une perturbation profonde du rapport à la nourriture, peuvent avoir des conséquences dramatiques sur la vie de nos patients. L'impact de tels comportements sur la cavité buccale est tel que les besoins de soins dentaires sont souvent nécessaires. Le chirurgien-dentiste a un rôle primordial non seulement dans la restauration du sourire, mais aussi dans le dépistage et l'orientation vers une équipe spécialisée. En effet, l'accès à la cavité buccale nous permet de redonner à ces patients un sourire optimal, dont l'effet peut-être incroyablement positif et débloquer une réintégration sociale déterminante. La beauté de notre métier réside dans l'impact majeur qu'a notre intervention dans le bien-être global de nos patients. Mais ce sourire et cette bouche, c'est aussi un accès à des indices précieux qui nous met en première ligne d'une possibilité de diagnostic et de prise en charge complète décisive pour l'évolution de tels comportements. Le caractère précoce de cette prise en charge est un des facteurs clés de son succès, encore faut-il que les professionnels de santé soient informés de la réalité de tels troubles. C'est un objectif qui guide cette thèse et qui permettrait d'éviter à ces patients plus de douleurs psychologiques et sociales, d'empêcher des dommages irréversibles sur les tissus oraux et finalement de réduire les niveaux de morbidité et de mortalité engendrés
        </subfield>
    </datafield>
    <datafield tag="337" ind1=" " ind2=" ">
        <subfield code="a">
Nécessite un navigateur internet ; un lecteur de fichier PDF
        </subfield>
    </datafield>
    <datafield tag="455" ind1=" " ind2="|">
        <subfield code="0">249010259</subfield>
        <subfield code="t">
Le chirurgien-dentiste dans la prise en charge pluridiciplinaire des patients avec troubles du comportement alimentaire (TCA)
        </subfield>
        <subfield code="o">outils diagnostiques, rôle et limites</subfield>
        <subfield code="f">Esther Hodgkinson</subfield>
        <subfield code="d">2020</subfield>
        <subfield code="p">1 vol. (56 f.)</subfield>
    </datafield>
    <datafield tag="579" ind1=" " ind2=" ">
        <subfield code="1">0499</subfield>
        <subfield code="3">249645831</subfield>
        <subfield code="t">
Le chirurgien-dentiste dans la prise en charge pluridiciplinaire des patients avec troubles du comportement alimentaire (TCA), outils diagnostiques, rôle et limites
        </subfield>
    </datafield>
    <datafield tag="606" ind1=" " ind2=" ">
        <subfield code="3">027388352</subfield>
        <subfield code="a">Dents</subfield>
        <subfield code="x">Malformations -- Diagnostic</subfield>
        <subfield code="2">rameau</subfield>
    </datafield>
    <datafield tag="606" ind1=" " ind2=" ">
        <subfield code="3">02978073X</subfield>
        <subfield code="a">Troubles du comportement alimentaire</subfield>
        <subfield code="2">rameau</subfield>
    </datafield>
    <datafield tag="606" ind1=" " ind2=" ">
        <subfield code="3">20178811X</subfield>
        <subfield code="a">Prise en charge personnalisée du patient</subfield>
        <subfield code="2">rameau</subfield>
    </datafield>
    <datafield tag="608" ind1=" " ind2=" ">
        <subfield code="3">027253139</subfield>
        <subfield code="a">Thèses et écrits académiques</subfield>
        <subfield code="2">rameau</subfield>
    </datafield>
    <datafield tag="608" ind1=" " ind2=" ">
        <subfield code="3">027253139</subfield>
        <subfield code="a">Thèses et écrits académiques</subfield>
        <subfield code="2">rameau</subfield>
    </datafield>
    <datafield tag="700" ind1=" " ind2="1">
        <subfield code="3">249006596</subfield>
        <subfield code="a">Hodgkinson</subfield>
        <subfield code="b">Esther</subfield>
        <subfield code="f">1994-....</subfield>
        <subfield code="4">070</subfield>
    </datafield>
    <datafield tag="701" ind1=" " ind2="1">
        <subfield code="3">114968853</subfield>
        <subfield code="a">Thivichon-Prince</subfield>
        <subfield code="b">Béatrice</subfield>
        <subfield code="f">19..-....</subfield>
        <subfield code="4">727</subfield>
    </datafield>
    <datafield tag="711" ind1="0" ind2="2">
        <subfield code="3">026402823</subfield>
        <subfield code="a">Université Claude Bernard</subfield>
        <subfield code="c">Lyon</subfield>
        <subfield code="4">295</subfield>
    </datafield>
    <datafield tag="801" ind1=" " ind2="3">
        <subfield code="a">FR</subfield>
        <subfield code="b">Abes</subfield>
        <subfield code="c">20201009</subfield>
        <subfield code="g">AFNOR</subfield>
    </datafield>
    <datafield tag="856" ind1="4" ind2=" ">
        <subfield code="q">PDF</subfield>
        <subfield code="u">https://n2t.net/ark:/47881/m6hm57vk</subfield>
        <subfield code="z">Accès au texte intégral</subfield>
    </datafield>
    <datafield tag="930" ind1=" " ind2=" ">
        <subfield code="5">692669902:67649059X</subfield>
        <subfield code="b">692669902</subfield>
        <subfield code="j">g</subfield>
    </datafield>
    <datafield tag="940" ind1=" " ind2=" ">
        <subfield code="5">692669902:67649059X</subfield>
        <subfield code="a">20201008</subfield>
        <subfield code="b">x</subfield>
    </datafield>
    <datafield tag="941" ind1=" " ind2=" ">
        <subfield code="5">692669902:67649059X</subfield>
        <subfield code="a">20201008</subfield>
        <subfield code="b">09:31:36.000</subfield>
    </datafield>
</record>